%-------------------------------------------------
% FileName: : ref.bib
% Author: MrLQQ
% Date: 2021-10-7
% Description: 参考文献数据
% Others: 请参照google学术导入bibtex
%         文献类型 和 相关参数 参考 
%         https://gitee.com/walkeraguo/gbt7714-bibtex-style
% History: origin
%-------------------------------------------------

% 参考文献是毕业设计（论文）不可缺少的组成部分，在毕业设计（论文）的撰写过程中应承认和尊重他人的知识成果，参考与引用的内容必须注明，杜绝抄袭、剽窃他人成果。同时，引用的资料应具有权威性，并对毕业设计（论文）有直接的参考价值。
% 要求查阅文献15篇（含）以上，其中外文文献3篇（含）以上，近三年公开发表的文献3篇（含）以上，书籍不超过5本，期刊（[J]）和论文集（[C]）8篇（含）以上，包括导师指定的全部参考文献。

% 多数时候，我们无需自己手写 BIBTEX 文献条目。从 Google Scholar 或者期刊/数据库的网站上都能够导出 BIBTEX 文献条目，老牌的文献管理软件 EndNote 也支持生成 BIBTEX 格式的数据库。开源软件 JabRef 甚至支持 BIBTEX 文献条目的导入、导出和管理。

% 文献类型 和 相关参数 参考 
% https://gitee.com/walkeraguo/gbt7714-bibtex-style

% 书籍
@book{chen2005laser,
  title={现代激光焊接技术},
  author={陈彦宾},
  volume={42},
  year={2005},
  address={北京},
  publisher={科学出版社}
}

@book{mittelbach2004latex,
	title={The LATEX companion},
	author={Mittelbach, Frank and Goossens, Michel and Braams, Johannes and Carlisle, David and Rowley, Chris},
	year={2004},
	address={USA},
	publisher={Addison-Wesley Professional}
}

% 文献
@article{zhen2018leave,
  title={基于迁移学习的卷积神经网络植物叶片图像识别方法},
  author={郑一力 and 张露},
  journal={农业机械学报},
  volume={1},
  year={2018}
}

@article{yassin1994latex,
	title={Latex allergy in hospital employees.},
	author={Yassin, Mohamed S and Lierl, Michelle B and Fischer, Thomas J and O'Brien, Kevin and Cross, Jennifer and Steinmetz, Christine},
	journal={Annals of allergy},
	volume={72},
	number={3},
	pages={245--249},
	year={1994}
}


% 会议录的析出文献
@conference{he2017mask,
  title={Mask r-cnn},
  author={He, Kaiming and Gkioxari, Georgia and Doll{\'a}r, Piotr and Girshick, Ross},
  booktitle={Proceedings of the IEEE international conference on computer vision},
  pages={2961--2969},
  year={2017} 
}

% 博士学位论文
@phdthesis{zhou2002nerualnet,
  title={神经网络集成},
  author={周志华 and 陈世福},
  school={南京大学}, 
  year={2002}
}

% 硕士学位论文
@mastersthesis{qi2020deeplearning,
  title={基于深度学习的SDN异常检测研究},
  author={祁本科},
  year={2020}, 
  school={浙江工商大学}
}

% 网页 
@misc{timmurphy,
  title={java实现贪吃蛇小游戏},
  author={Henrik-Yao},
  year=2021,
  url ={https://blog.csdn.net/qq_50216270/article/details/116021830?utm_medium=distribute.pc_category.none-task-blog-hot-2.nonecase&dist_request_id=&depth_1-utm_source=distribute.pc_category.none-task-blog-hot-2.nonecase},
}

% patent 专利
@patent{liu2013latex,
  title={一种测定中药抗氧化活性的方法},
  author={杨滨 and 袁亚男 and 李洪梅 and 戴卉卿 and 陈承瑜 and 晏仁义},
  number={CN102455316 A}
}

% latex 相关
@article{partl2019short,
  title={一份 (不太) 简短的 LATEX2$\varepsilon$ 介绍},
  author={Partl, Hubert and Hyna, Irene and Schlegl, Elisabeth},
  year={2019}
}


@book{liuxiaopingwordandtex,
	title={论文排版实用教程: Word 与 LaTeX},
	author={刘小平},
	year={2015},
	publisher={清华大学出版社},
	address={北京},
}

@book{huwei2017latex2e,
	title={LaTeX2e 文类和宏包学习手册},
	author={胡伟},
	year={2017},
	publisher={清华大学出版社},
	address={北京},
}

